@online{prototypephp,
author = {Quinton,Eric},
title = {PrototypePHP},
date = {10/10/2016},
year = {2016},
url = {https://github.com/equinton/prototypephp/tree/bootstrap},

}
@online{pphp-doc,
author = {Quinton,Eric},
title = {Documentation d'utilisation du framework Prototype PHP},
date = {10/10/2016},
year = {2016},
url = {https://github.com/equinton/prototypephp/blob/bootstrap/database/documentation/prototypephp-documentation.pdf},

}

@online{tls,
author= {ANSSI},
title = {Recommandations de securite relatives Ã  TLS},
date = {19/08/2016},
year = {2016},
url = {http://www.ssi.gouv.fr/uploads/2016/09/guide_tls_v1.1.pdf}
}